<?xml version="1.0" encoding="UTF-8"?><collection xmlns="http://www.loc.gov/MARC21/slim"><record><leader>00317nam--2200121-i-4500</leader><controlfield tag="001">000035991</controlfield><controlfield tag="002">20161230</controlfield><controlfield tag="005">20161230201040</controlfield><controlfield tag="008">060222s1000------------r-----000-0-eng-d</controlfield><datafield ind1=" " ind2=" " tag="080"><subfield code="a">54.082</subfield></datafield><datafield ind1=" " ind2=" " tag="245"><subfield code="a">Omagiu acad.prof.raluca ripan</subfield></datafield><datafield ind1=" " ind2=" " tag="260"><subfield code="a">Bucuresti, Ed.Acad.Republicii Socialiste Romania, 1966, 627p</subfield></datafield><datafield ind1=" " ind2=" " tag="852"><subfield code="a">22213</subfield></datafield></record></collection>